<?xml version="1.0" encoding="UTF-8"?><collection xmlns="http://www.loc.gov/MARC21/slim"><record><leader>00434nam--2200157-i-4500</leader><controlfield tag="001">000001784</controlfield><controlfield tag="002">20161230</controlfield><controlfield tag="005">20170122213634</controlfield><controlfield tag="008">060222s1000------------r-----000-0-eng-d</controlfield><datafield ind1=" " ind2=" " tag="080"><subfield code="a">546</subfield></datafield><datafield ind1=" " ind2=" " tag="245"><subfield code="a">Glass electrodes for hydrogen and other cations. Principles and practice</subfield></datafield><datafield ind1=" " ind2=" " tag="260"><subfield code="a">London</subfield><subfield code="b">Edward Arnold Publ., Ltd</subfield><subfield code="c">1967</subfield></datafield><datafield ind1=" " ind2=" " tag="300"><subfield code="a">XII + 582 p</subfield></datafield><datafield ind1=" " ind2=" " tag="700"><subfield code="a">Eisenman, George</subfield></datafield><datafield ind1=" " ind2=" " tag="852"><subfield code="a">30044</subfield></datafield><datafield ind1=" " ind2=" " tag="CAT"><subfield code="a">SYS</subfield><subfield code="c">20170122</subfield><subfield code="h">213634</subfield></datafield></record></collection>